@article{Girbal,
 author = {Girbal, Sylvain and Vasilache, Nicolas and Bastoul, C{\'e}dric and Cohen, Albert and Parello, David and Sigler, Marc and Temam, Olivier},
 title = {Semi-automatic Composition of Loop Transformations for Deep Parallelism and Memory Hierarchies},
 journal = {Int. J. Parallel Program.},
 issue_date = {June 2006},
 volume = {34},
 number = {3},
 month = jun,
 year = {2006},
 issn = {0885-7458},
 pages = {261--317},
 numpages = {57},
 url = {http://dx.doi.org/10.1007/s10766-006-0012-3},
 doi = {10.1007/s10766-006-0012-3},
 acmid = {1165153},
 publisher = {Kluwer Academic Publishers},
 address = {Norwell, MA, USA},
 keywords = {automatic parallelization, compiler optimization, polyhedral model, semi-automatic program transformation},
} 

@inproceedings{Bondhugula,
 author = {Bondhugula, Uday and Hartono, Albert and Ramanujam, J. and Sadayappan, P.},
 title = {A Practical Automatic Polyhedral Parallelizer and Locality Optimizer},
 booktitle = {Proceedings of the 29th ACM SIGPLAN Conference on Programming Language Design and Implementation},
 series = {PLDI '08},
 year = {2008},
 isbn = {978-1-59593-860-2},
 location = {Tucson, AZ, USA},
 pages = {101--113},
 numpages = {13},
 url = {http://doi.acm.org/10.1145/1375581.1375595},
 doi = {10.1145/1375581.1375595},
 acmid = {1375595},
 publisher = {ACM},
 address = {New York, NY, USA},
 keywords = {affine transformations, automatic parallelization, locality optimization, loop transformations, polyhedral model, tiling},
} 

@inproceedings{trifunovic,
  title={Graphite two years after: First lessons learned from real-world polyhedral compilation},
  author={Trifunovic, Konrad and Cohen, Albert and Edelsohn, David and Li, Feng and Grosser, Tobias and Jagasia, Harsha and Ladelsky, Razya and Pop, Sebastian and Sj{\"o}din, Jan and Upadrasta, Ramakrishna},
  booktitle={GCC Research Opportunities Workshop (GROW'10)},
  year={2010}
}


